@book{Rudin,
	author = {Walter Rudin},
	title = {Principles of Mathematical Analysis},
	volume = {3},
	year = {1976},
	publisher = {McGraw-Hill}
}